@techreport{AstromHagglund1988,
    title = {{A digital twin for controlling thermo-fluidic processes}},
    url = {www.tue.nl/taverne}
}

@techreport{AstromHagglund1988b,
    title = {{A digital twin for controlling thermo-fluidic processes}},
    url = {www.tue.nl/taverne}
}

@inproceedings{AstromHagglund1984,
    title = {{A FREQUENCY DOMAIN METHOD FOR AUTOMATIC TUNING OF SIMPLE FEEDBACK LOOPS}},
    year = {1984},
    booktitle = {23rd Conference on Decision and Control},
    author = {{\AA}str{\"{o}}m, Karl Johan and H{\"{a}}gglund, Tore},
    month = {12},
    pages = {299--304},
    publisher = {IEEE},
    address = {Las Vegas}
}

@inproceedings{AstromHagglund1984b,
    title = {{A FREQUENCY DOMAIN METHOD FOR AUTOMATIC TUNING OF SIMPLE FEEDBACK LOOPS}},
    year = {1984},
    booktitle = {23rd Conference on Decision and Control},
    author = {{\AA}str{\"{o}}m, Karl Johan and H{\"{a}}gglund, Tore},
    month = {12},
    pages = {299--304},
    publisher = {IEEE},
    address = {Las Vegas}
}

@article{Bergen1962,
    title = {{A note on Tsypkin's Locus}},
    year = {1962},
    journal = {IRE Transactions on Automatic Control},
    author = {{Bergen. A. R.}},
    number = {3},
    pages = {78--81},
    volume = {7}
}

@article{Bergen1962b,
    title = {{A note on Tsypkin's Locus}},
    year = {1962},
    journal = {IRE Transactions on Automatic Control},
    author = {{Bergen. A. R.}},
    number = {3},
    pages = {78--81},
    volume = {7}
}

@techreport{RyuBoyd2016,
    title = {{A PRIMER ON MONOTONE OPERATOR METHODS SURVEY}},
    year = {2016},
    booktitle = {Appl. Comput. Math},
    author = {Ryu, Ernest K and Boyd, Stephen},
    number = {1},
    pages = {3--43},
    keywords = {47H09, 47H10, 47N10, 65K05, 90C25, Convex Optimization, Fixed Point Itera-tion AMS Subject Classification: 47H05, Monotone Operators, Splitting Methods}
}

@techreport{RyuBoyd2016b,
    title = {{A PRIMER ON MONOTONE OPERATOR METHODS SURVEY}},
    year = {2016},
    booktitle = {Appl. Comput. Math},
    author = {Ryu, Ernest K and Boyd, Stephen},
    number = {1},
    pages = {3--43},
    keywords = {47H09, 47H10, 47N10, 65K05, 90C25, Convex Optimization, Fixed Point Itera-tion AMS Subject Classification: 47H05, Monotone Operators, Splitting Methods}
}

@article{Ardalan1987,
    title = {{An Analysis of Nonlinear Behavior in Delta-Sigma Modulators}},
    year = {1987},
    journal = {IEEE TRANSACTIONS dN CIRCUITS AND SYSTEMS},
    author = {Ardalan, Sasan H and Paulos, John J},
    number = {6},
    pages = {593},
    volume = {34}
}

@article{Ardalan1987b,
    title = {{An Analysis of Nonlinear Behavior in Delta-Sigma Modulators}},
    year = {1987},
    journal = {IEEE TRANSACTIONS dN CIRCUITS AND SYSTEMS},
    author = {Ardalan, Sasan H and Paulos, John J},
    number = {6},
    pages = {593},
    volume = {34}
}

@inproceedings{Ianelli2002,
    title = {{Analysis of Dither in Relay Feedback Systems}},
    year = {2002},
    booktitle = {41st IEEE Conference on Decision and Control},
    author = {Ianelli, Luigie and Johansson, Karl Henrik and {J{\"{o}}nsson Ulf}},
    month = {12},
    pages = {329--334},
    publisher = {IEEE},
    address = {Las Vegas}
}

@inproceedings{Ianelli2002b,
    title = {{Analysis of Dither in Relay Feedback Systems}},
    year = {2002},
    booktitle = {41st IEEE Conference on Decision and Control},
    author = {Ianelli, Luigie and Johansson, Karl Henrik and {J{\"{o}}nsson Ulf}},
    month = {12},
    pages = {329--334},
    publisher = {IEEE},
    address = {Las Vegas}
}

@article{Faldin2009,
    title = {{Analysis of periodic motions in relay feedback systems with saturation in plant dynamics}},
    year = {2009},
    journal = {International Journal of Systems Science},
    author = {Faldin, Nikolay and Morzhov, Alex and Boiko, Igor},
    number = {6},
    month = {6},
    pages = {659--668},
    volume = {40},
    doi = {10.1080/00207720902759657},
    issn = {00207721},
    keywords = {Orbital stability, Periodic motions, Relay feedback system}
}

@article{Faldin2009b,
    title = {{Analysis of periodic motions in relay feedback systems with saturation in plant dynamics}},
    year = {2009},
    journal = {International Journal of Systems Science},
    author = {Faldin, Nikolay and Morzhov, Alex and Boiko, Igor},
    number = {6},
    month = {6},
    pages = {659--668},
    volume = {40},
    doi = {10.1080/00207720902759657},
    issn = {00207721},
    keywords = {Orbital stability, Periodic motions, Relay feedback system}
}

@article{weiss1946,
    title = {{Analysis of Relay Servomechanisms}},
    year = {1946},
    journal = {Journal of the Aeronautical Sciences},
    author = {WEISS, HERBERT K.},
    number = {7},
    month = {7},
    pages = {364--376},
    volume = {13},
    publisher = {American Institute of Aeronautics and Astronautics (AIAA)},
    doi = {10.2514/8.11390}
}

@article{weiss1946b,
    title = {{Analysis of Relay Servomechanisms}},
    year = {1946},
    journal = {Journal of the Aeronautical Sciences},
    author = {WEISS, HERBERT K.},
    number = {7},
    month = {7},
    pages = {364--376},
    volume = {13},
    publisher = {American Institute of Aeronautics and Astronautics (AIAA)},
    doi = {10.2514/8.11390}
}

@inproceedings{AstromHagglund1992,
    title = {{AUTOMATIC TUNING AND ADAPTATION FOR PID CONTROLLERS-A SURVEY}},
    year = {1992},
    booktitle = {4th IFAC Symposium on Adaptive Systems in Control and Signal Processing},
    author = {Astrom{\textperiodcentered}, K J and Hagglund{\textperiodcentered}, T and Hang{\textperiodcentered}{\textperiodcentered}, C C and Ho, W K},
    month = {7},
    pages = {371--376},
    address = {Grenoble},
    keywords = {Ke1lword6 Adaptive control, PID control, automatic tuning, gain scheduling}
}

@inproceedings{AstromHagglund1992b,
    title = {{AUTOMATIC TUNING AND ADAPTATION FOR PID CONTROLLERS-A SURVEY}},
    year = {1992},
    booktitle = {4th IFAC Symposium on Adaptive Systems in Control and Signal Processing},
    author = {Astrom{\textperiodcentered}, K J and Hagglund{\textperiodcentered}, T and Hang{\textperiodcentered}{\textperiodcentered}, C C and Ho, W K},
    month = {7},
    pages = {371--376},
    address = {Grenoble},
    keywords = {Ke1lword6 Adaptive control, PID control, automatic tuning, gain scheduling}
}

@book{BauschkeCombettes2019,
    title = {{Convex Analysis and Monotone Operator Theory in Hilbert Spaces Second Edition}},
    year = {2019},
    author = {Bauschke, Heinz H and Combettes, Patrick L},
    pages = {393--446},
    url = {http://www.springer.com/series/4318}
}

@book{BauschkeCombettes2019b,
    title = {{Convex Analysis and Monotone Operator Theory in Hilbert Spaces Second Edition}},
    year = {2019},
    author = {Bauschke, Heinz H and Combettes, Patrick L},
    pages = {393--446},
    url = {http://www.springer.com/series/4318}
}

@techreport{Taylor1999,
    title = {{Describing Functions}},
    year = {1999},
    author = {Taylor, James H}
}

@techreport{Taylor1999b,
    title = {{Describing Functions}},
    year = {1999},
    author = {Taylor, James H}
}

@techreport{Filippov1988,
    title = {{Differential Equations with Discontinuous Righthand Sides}},
    year = {1988},
    author = {Filippov, A. F.}
}

@techreport{Filippov1988b,
    title = {{Differential Equations with Discontinuous Righthand Sides}},
    year = {1988},
    author = {Filippov, A. F.}
}

@article{Townsend1968,
    title = {{Digital-computer analysis of relay feedback systems}},
    year = {1968},
    journal = {Proceedings of the Institution of Electrical Engineers1},
    author = {Townsend, J M and Turnbull, G F and Eng, C},
    number = {9},
    pages = {1355--1362},
    volume = {115}
}

@article{Townsend1968b,
    title = {{Digital-computer analysis of relay feedback systems}},
    year = {1968},
    journal = {Proceedings of the Institution of Electrical Engineers1},
    author = {Townsend, J M and Turnbull, G F and Eng, C},
    number = {9},
    pages = {1355--1362},
    volume = {115}
}

@article{Buland1960,
    title = {{Dual-mode Relay Servos}},
    year = {1960},
    journal = {: Transactions of the American Institute of Electrical Engineers, Part II: Applications and Industry},
    author = {Buland, R. N. and Furumoto, N.},
    number = {6},
    pages = {405--411},
    volume = {78}
}

@article{Buland1960b,
    title = {{Dual-mode Relay Servos}},
    year = {1960},
    journal = {: Transactions of the American Institute of Electrical Engineers, Part II: Applications and Industry},
    author = {Buland, R. N. and Furumoto, N.},
    number = {6},
    pages = {405--411},
    volume = {78}
}

@techreport{Hughes2017,
    title = {{Electrical Network Synthesis: A Survey of Recent Work}},
    year = {2017},
    author = {Hughes, Timothy H and Morelli, Alessandro and Smith, Malcolm C}
}

@techreport{Boyd1985,
    title = {{Fading Memory and the Problem of Approximating Nonlinear Operators with Volterra Series}},
    year = {1985},
    booktitle = {IEEE TRANSACTIONS ON CIRCUITS AND SYSTEMS},
    author = {Boyd, Stephen and Chua, Leon 0},
    number = {11}
}

@techreport{Boyd1985b,
    title = {{Fading Memory and the Problem of Approximating Nonlinear Operators with Volterra Series}},
    year = {1985},
    booktitle = {IEEE TRANSACTIONS ON CIRCUITS AND SYSTEMS},
    author = {Boyd, Stephen and Chua, Leon 0},
    number = {11}
}

@article{Tsypkin1959,
    title = {{Frequency response of relay control sytems}},
    year = {1959},
    journal = {Avtomatika i Telemkhanika},
    author = {Tsypkin, Ya. Z},
    number = {12},
    month = {5},
    pages = {1603--1610},
    volume = {20},
    url = {https://www.mathnet.ru/php/archive.phtml?wshow=paper&jrnid=at&paperid=12864&option_lang=eng}
}

@article{Tsypkin1959b,
    title = {{Frequency response of relay control sytems}},
    year = {1959},
    journal = {Avtomatika i Telemkhanika},
    author = {Tsypkin, Ya. Z},
    number = {12},
    month = {5},
    pages = {1603--1610},
    volume = {20},
    url = {https://www.mathnet.ru/php/archive.phtml?wshow=paper&jrnid=at&paperid=12864&option_lang=eng}
}

@inproceedings{Sepulchre1996,
    title = {{From the Nyquist criterion to the circle criterion}},
    year = {1996},
    booktitle = {Triennal World Congress of IFAC},
    author = {Sepulchre, Rodolphe and Aeyels, Dirk and Willems, Jacques L},
    pages = {1884--1889}
}

@inproceedings{Sepulchre1996b,
    title = {{From the Nyquist criterion to the circle criterion}},
    year = {1996},
    booktitle = {Triennal World Congress of IFAC},
    author = {Sepulchre, Rodolphe and Aeyels, Dirk and Willems, Jacques L},
    pages = {1884--1889}
}

@inproceedings{Megretksi1996,
    title = {{GLOBAL STABILITY OF OSCILLATIONS INDUCED BY A RELAY FEEDBACK}},
    year = {1996},
    booktitle = {13th World Congress of IFAC},
    author = {Megretski, Alexandre},
    editor = {{`}},
    month = {6},
    pages = {1931--1936},
    publisher = {IFAC},
    address = {San Francisco}
}

@inproceedings{Megretksi1996b,
    title = {{GLOBAL STABILITY OF OSCILLATIONS INDUCED BY A RELAY FEEDBACK}},
    year = {1996},
    booktitle = {13th World Congress of IFAC},
    author = {Megretski, Alexandre},
    editor = {{`}},
    month = {6},
    pages = {1931--1936},
    publisher = {IFAC},
    address = {San Francisco}
}

@inproceedings{Varigonda2000,
    title = {{Global stability of periodic orbits in relay feedback systems'}},
    year = {2000},
    booktitle = {39th Conference on Decision and Control},
    author = {Varigonda, Subbarao and Georgiou, Tryphon T},
    month = {12},
    pages = {3843--3847},
    publisher = {IEEE},
    address = {Sydney}
}

@inproceedings{Varigonda2000b,
    title = {{Global stability of periodic orbits in relay feedback systems'}},
    year = {2000},
    booktitle = {39th Conference on Decision and Control},
    author = {Varigonda, Subbarao and Georgiou, Tryphon T},
    month = {12},
    pages = {3843--3847},
    publisher = {IEEE},
    address = {Sydney}
}

@techreport{Goncalves2001,
    title = {{Global Stability of Relay Feedback Systems}},
    year = {2001},
    booktitle = {IEEE TRANSACTIONS ON AUTOMATIC CONTROL},
    author = {Gon{\c{c}}alves, Jorge M and Megretski, Alexandre and Dahleh, Munther A},
    number = {4},
    volume = {46},
    isbn = {00189286/01{\$}10.0}
}

@techreport{Goncalves2001b,
    title = {{Global Stability of Relay Feedback Systems}},
    year = {2001},
    booktitle = {IEEE TRANSACTIONS ON AUTOMATIC CONTROL},
    author = {Gon{\c{c}}alves, Jorge M and Megretski, Alexandre and Dahleh, Munther A},
    number = {4},
    volume = {46},
    isbn = {00189286/01{\$}10.0}
}

@article{Kuszta1982,
    title = {{Identification of bilinear systems using relay feedback}},
    year = {1982},
    journal = {International Journal of Control},
    author = {Kuszta, Boguslaw and Smith, Conrad B. and Bailey, James E.},
    number = {4},
    pages = {631--641},
    volume = {36},
    doi = {10.1080/00207178208932920},
    issn = {13665820}
}

@article{Kuszta1982b,
    title = {{Identification of bilinear systems using relay feedback}},
    year = {1982},
    journal = {International Journal of Control},
    author = {Kuszta, Boguslaw and Smith, Conrad B. and Bailey, James E.},
    number = {4},
    pages = {631--641},
    volume = {36},
    doi = {10.1080/00207178208932920},
    issn = {13665820}
}

@article{BottDuffin1949,
    title = {{Impedance synthesis without use of transformers}},
    year = {1949},
    journal = {Journal of Applied Physics},
    author = {Bott, R. and Duffin, R. J.},
    number = {8},
    pages = {816},
    volume = {20},
    doi = {10.1063/1.1698532},
    issn = {00218979}
}

@article{BottDuffin1949b,
    title = {{Impedance synthesis without use of transformers}},
    year = {1949},
    journal = {Journal of Applied Physics},
    author = {Bott, R. and Duffin, R. J.},
    number = {8},
    pages = {816},
    volume = {20},
    doi = {10.1063/1.1698532},
    issn = {00218979}
}

@book{Robinson2001,
    title = {{Infinite-Dimensional Dynamical Systems}},
    year = {2001},
    author = {Robinson, James C}
}

@book{Robinson2001b,
    title = {{Infinite-Dimensional Dynamical Systems}},
    year = {2001},
    author = {Robinson, James C}
}

@book{Ryu2021,
    title = {{Large-Scale Convex Optimization via Monotone Operators (Draft)}},
    year = {2021},
    author = {Ryu, Ernest K and Yin, Wotao}
}

@book{Ryu2021b,
    title = {{Large-Scale Convex Optimization via Monotone Operators (Draft)}},
    year = {2021},
    author = {Ryu, Ernest K and Yin, Wotao}
}

@article{Turnbull1965,
    title = {{Method for the theoretical analysis of relay feedback systems}},
    year = {1965},
    journal = {Proceedings of the Institution of Electrical Engineers},
    author = {Turnbull, G F and Atherton, D P and Townsend, J M},
    number = {5},
    pages = {1039--1055},
    volume = {112}
}

@article{Turnbull1965b,
    title = {{Method for the theoretical analysis of relay feedback systems}},
    year = {1965},
    journal = {Proceedings of the Institution of Electrical Engineers},
    author = {Turnbull, G F and Atherton, D P and Townsend, J M},
    number = {5},
    pages = {1039--1055},
    volume = {112}
}

@techreport{Shapiro2017,
    title = {{NOTES ON THE NUMERICAL RANGE}},
    year = {2017},
    author = {Shapiro, Joel H}
}

@techreport{Shapiro2017b,
    title = {{NOTES ON THE NUMERICAL RANGE}},
    year = {2017},
    author = {Shapiro, Joel H}
}

@article{Boiko2021,
    title = {{On asymmetric periodic solutions in relay feedback systems}},
    year = {2021},
    journal = {Journal of the Franklin Institute},
    author = {Boiko, I. M. and Kuznetsov, N. V. and Mokaev, R. N. and Akimova, E. D.},
    number = {1},
    month = {1},
    pages = {363--383},
    volume = {358},
    publisher = {Elsevier Ltd},
    doi = {10.1016/j.jfranklin.2020.10.024},
    issn = {00160032}
}

@article{Boiko2021b,
    title = {{On asymmetric periodic solutions in relay feedback systems}},
    year = {2021},
    journal = {Journal of the Franklin Institute},
    author = {Boiko, I. M. and Kuznetsov, N. V. and Mokaev, R. N. and Akimova, E. D.},
    number = {1},
    month = {1},
    pages = {363--383},
    volume = {358},
    publisher = {Elsevier Ltd},
    doi = {10.1016/j.jfranklin.2020.10.024},
    issn = {00160032}
}

@article{Zames1966Part1,
    title = {{On the Input-Output Stability of Time-Varying Nonlinear Feedback Systems Part I: Conditions Derived Using Concepts of Loop Gain, Conicity, and Positivity}},
    year = {1966},
    journal = {IEEE TRANSACTIONS O N AUTOMATlC CONTROL },
    author = {Zames, George},
    number = {2},
    pages = {228--239},
    volume = {11}
}

@article{Zames1966Part1b,
    title = {{On the Input-Output Stability of Time-Varying Nonlinear Feedback Systems Part I: Conditions Derived Using Concepts of Loop Gain, Conicity, and Positivity}},
    year = {1966},
    journal = {IEEE TRANSACTIONS O N AUTOMATlC CONTROL },
    author = {Zames, George},
    number = {2},
    pages = {228--239},
    volume = {11}
}

@inproceedings{Bernardo2002,
    title = {{ON THE ROBUSTNESS OF PERIODIC SOLUTIONS IN RELAY FEEDBACK SYSTEMS}},
    year = {2002},
    booktitle = {15th Triennial World Congress},
    author = {di Bernardo, Mario and Henrik Johansson, Karl and J{\"{o}}nsson, Ulf and Vasca, Francesco},
    pages = {191--196},
    publisher = {Elsevier IFAC},
    url = {www.elsevier.com/locate/ifac},
    address = {Barcelon},
    keywords = {Limit cycles, Perturbation analysis, Sliding Orbits}
}

@inproceedings{Bernardo2002b,
    title = {{ON THE ROBUSTNESS OF PERIODIC SOLUTIONS IN RELAY FEEDBACK SYSTEMS}},
    year = {2002},
    booktitle = {15th Triennial World Congress},
    author = {di Bernardo, Mario and Henrik Johansson, Karl and J{\"{o}}nsson, Ulf and Vasca, Francesco},
    pages = {191--196},
    publisher = {Elsevier IFAC},
    url = {www.elsevier.com/locate/ifac},
    address = {Barcelon},
    keywords = {Limit cycles, Perturbation analysis, Sliding Orbits}
}

@article{Lin2002,
    title = {{On uniqueness of solutions to relay feedback systems}},
    year = {2002},
    journal = {Automatica},
    author = {Lin, Chong and Wang, Qing-Guo},
    pages = {177--180},
    volume = {38},
    url = {www.elsevier.com/locate/automatica},
    keywords = {Linear complementarity problem, Relay feedback systems}
}

@article{Lin2002b,
    title = {{On uniqueness of solutions to relay feedback systems}},
    year = {2002},
    journal = {Automatica},
    author = {Lin, Chong and Wang, Qing-Guo},
    pages = {177--180},
    volume = {38},
    url = {www.elsevier.com/locate/automatica},
    keywords = {Linear complementarity problem, Relay feedback systems}
}

@article{Das2022,
    title = {{Oscillations in mixed-feedback systems}},
    year = {2022},
    journal = {Systems and Control Letters},
    author = {Das, Amritam and Chaffey, Thomas and Sepulchre, Rodolphe},
    month = {8},
    volume = {166},
    publisher = {Elsevier B.V.},
    doi = {10.1016/j.sysconle.2022.105289},
    issn = {01676911},
    arxivId = {2103.16379},
    keywords = {Describing function method, Difference of convex functions, Limit cycle analysis, Maximal monotonicity, Mixed monotonicity}
}

@article{Das2022b,
    title = {{Oscillations in mixed-feedback systems}},
    year = {2022},
    journal = {Systems and Control Letters},
    author = {Das, Amritam and Chaffey, Thomas and Sepulchre, Rodolphe},
    month = {8},
    volume = {166},
    publisher = {Elsevier B.V.},
    doi = {10.1016/j.sysconle.2022.105289},
    issn = {01676911},
    arxivId = {2103.16379},
    keywords = {Describing function method, Difference of convex functions, Limit cycle analysis, Maximal monotonicity, Mixed monotonicity}
}

@article{Atherton1981,
    title = {{Oscillations in relay systems}},
    year = {1981},
    journal = {Transactions of the Institute of Measurement {\&} Control},
    author = {Atherton, D. P.},
    number = {4},
    pages = {171--184},
    volume = {3},
    doi = {10.1177/014233128100300401},
    issn = {01423312}
}

@article{Atherton1981b,
    title = {{Oscillations in relay systems}},
    year = {1981},
    journal = {Transactions of the Institute of Measurement {\&} Control},
    author = {Atherton, D. P.},
    number = {4},
    pages = {171--184},
    volume = {3},
    doi = {10.1177/014233128100300401},
    issn = {01423312}
}

@inproceedings{Astrom1995,
    title = {{OSCILLATIONS IN SYSTEMS WITH RELAY FEEDBACK}},
    year = {1995},
    booktitle = {Adaptive Control, Filtering, and Signal Processing},
    author = {{\AA}str{\"{o}}m{\textperiodcentered}, Karl J},
    editor = {{\AA}strom, Karl Johan and Goodwin, G. C. and Kumar, P. R.},
    month = {4},
    pages = {1--25},
    publisher = {Springer New Yorkk},
    address = {New York}
}

@inproceedings{Astrom1995b,
    title = {{OSCILLATIONS IN SYSTEMS WITH RELAY FEEDBACK}},
    year = {1995},
    booktitle = {Adaptive Control, Filtering, and Signal Processing},
    author = {{\AA}str{\"{o}}m{\textperiodcentered}, Karl J},
    editor = {{\AA}strom, Karl Johan and Goodwin, G. C. and Kumar, P. R.},
    month = {4},
    pages = {1--25},
    publisher = {Springer New Yorkk},
    address = {New York}
}

@inproceedings{Hang1988,
    title = {{PRACTICAL ASPECTS OF PID AUTO-TUNERS BASED ON RELAY FEEDBACK}},
    year = {1988},
    booktitle = {Adaptive Control of Chemical Processes},
    author = {Hang, C C and Astrom, K J},
    pages = {153--158},
    keywords = {PlO auto-tuner, load disturbance, relay feedback, self-biasing, ultimate gain and period}
}

@inproceedings{Hang1988b,
    title = {{PRACTICAL ASPECTS OF PID AUTO-TUNERS BASED ON RELAY FEEDBACK}},
    year = {1988},
    booktitle = {Adaptive Control of Chemical Processes},
    author = {Hang, C C and Astrom, K J},
    pages = {153--158},
    keywords = {PlO auto-tuner, load disturbance, relay feedback, self-biasing, ultimate gain and period}
}

@article{Rabi2023,
    title = {{Predicting oscillations in relay feedback systems, using fixed points of Poincar{\'{e}} maps, and Hopf bifurcations}},
    year = {2023},
    author = {Rabi, Maben},
    month = {6},
    url = {http://arxiv.org/abs/2306.03394},
    arxivId = {2306.03394}
}

@article{Rabi2023b,
    title = {{Predicting oscillations in relay feedback systems, using fixed points of Poincar{\'{e}} maps, and Hopf bifurcations}},
    year = {2023},
    author = {Rabi, Maben},
    month = {6},
    url = {http://arxiv.org/abs/2306.03394},
    arxivId = {2306.03394}
}

@article{Jiang1993,
    title = {{Preservations of Positive Realness under Discretization}},
    year = {1993},
    journal = {Journal of the Franklin Institute},
    author = {Jiang, Jin},
    number = {4},
    pages = {721--734},
    volume = {330}
}

@article{Jiang1993b,
    title = {{Preservations of Positive Realness under Discretization}},
    year = {1993},
    journal = {Journal of the Franklin Institute},
    author = {Jiang, Jin},
    number = {4},
    pages = {721--734},
    volume = {330}
}

@article{Wang1997,
    title = {{PROCESS DESIGN AND CONTROL Low-Order Modeling from Relay Feedback}},
    year = {1997},
    journal = {Ind. Eng. Chem Res},
    author = {Wang, Qing-Guo and Hang, Chang-Chieh and Zou, Biao},
    pages = {375--381},
    volume = {36},
    url = {https://pubs.acs.org/sharingguidelines}
}

@article{Wang1997b,
    title = {{PROCESS DESIGN AND CONTROL Low-Order Modeling from Relay Feedback}},
    year = {1997},
    journal = {Ind. Eng. Chem Res},
    author = {Wang, Qing-Guo and Hang, Chang-Chieh and Zou, Biao},
    pages = {375--381},
    volume = {36},
    url = {https://pubs.acs.org/sharingguidelines}
}

@inproceedings{Patrinos2013,
    title = {{Proximal Newton Methods for Convex Composite Optimization}},
    year = {2013},
    booktitle = {52nd IEEE Conference on Decision and Control},
    author = {Patrinos, Panagiotis and Bemporad, Alberto},
    pages = {2358--2363},
    isbn = {9781467357166}
}

@inproceedings{AstromLee1995,
    title = {{Recent Advances in Relay Feedback Methods}},
    year = {1995},
    booktitle = { 1995 IEEE International Conference on Systems, Man and Cybernetics. Intelligent Systems for the 21st Century},
    author = {Astrom, K J and {T.H. Lee} and Tan, K K and Johansson, K H},
    pages = {2616--2621}
}

@inproceedings{AstromLee1995b,
    title = {{Recent Advances in Relay Feedback Methods}},
    year = {1995},
    booktitle = { 1995 IEEE International Conference on Systems, Man and Cybernetics. Intelligent Systems for the 21st Century},
    author = {Astrom, K J and {T.H. Lee} and Tan, K K and Johansson, K H},
    pages = {2616--2621}
}

@techreport{Kottenstette2014,
    title = {{Relationships Among Passivity, Positive Realness, and Dissipativity with an Application to Passivity Based Pairing}},
    year = {2014},
    author = {Kottenstette, Nicholas and Mccourt, Michael J and Xia, Meng and Gupta, Vijay and Antsaklis, Panos J}
}

@techreport{Kottenstette2014b,
    title = {{Relationships Among Passivity, Positive Realness, and Dissipativity with an Application to Passivity Based Pairing}},
    year = {2014},
    author = {Kottenstette, Nicholas and Mccourt, Michael J and Xia, Meng and Gupta, Vijay and Antsaklis, Panos J}
}

@book{Wang2003,
    title = {{Relay Feedback}},
    year = {2003},
    author = {Wang, Qing-Guo and Lee, Tong Heng and Lin, Chong},
    publisher = {Springer-Verlag},
    address = {London}
}

@book{Wang2003b,
    title = {{Relay Feedback}},
    year = {2003},
    author = {Wang, Qing-Guo and Lee, Tong Heng and Lin, Chong},
    publisher = {Springer-Verlag},
    address = {London}
}

@phdthesis{Johansson1997,
    title = {{Relay Feedback and Multivariable Control}},
    year = {1997},
    author = {Johansson, Karl Henrik},
    month = {10},
    pages = {1--78},
    school = {Lund Institute of Technology},
    address = {Lund},
    isbn = {4646222442}
}

@phdthesis{Johansson1997b,
    title = {{Relay Feedback and Multivariable Control}},
    year = {1997},
    author = {Johansson, Karl Henrik},
    month = {10},
    pages = {1--78},
    school = {Lund Institute of Technology},
    address = {Lund},
    isbn = {4646222442}
}

@article{Matsubara1982,
    title = {{RELAY FEEDBACK PERIODIC CONTROL OF PLATE COLUMNS}},
    year = {1982},
    journal = {Chemical Engineering Science},
    author = {Matsubara, M and Nishimurap, Y and {Watanabe N} and Onogi, K},
    number = {5},
    pages = {753--758},
    volume = {37}
}

@article{Matsubara1982b,
    title = {{RELAY FEEDBACK PERIODIC CONTROL OF PLATE COLUMNS}},
    year = {1982},
    journal = {Chemical Engineering Science},
    author = {Matsubara, M and Nishimurap, Y and {Watanabe N} and Onogi, K},
    number = {5},
    pages = {753--758},
    volume = {37}
}

@misc{Ruderman2019,
    title = {{Relay feedback systems—Established approaches and new perspectives for application}},
    year = {2019},
    booktitle = {IEEJ Journal of Industry Applications},
    author = {Ruderman, Michael},
    number = {2},
    pages = {271--278},
    volume = {8},
    publisher = {Institute of Electrical Engineers of Japan},
    doi = {10.1541/ieejjia.8.271},
    issn = {21871108},
    keywords = {Backlash identification, Harmonic balance, Hysteresis, Limit cycles, Nonlinearity, Relay feedback systems}
}

@misc{Ruderman2019b,
    title = {{Relay feedback systems—Established approaches and new perspectives for application}},
    year = {2019},
    booktitle = {IEEJ Journal of Industry Applications},
    author = {Ruderman, Michael},
    number = {2},
    pages = {271--278},
    volume = {8},
    publisher = {Institute of Electrical Engineers of Japan},
    doi = {10.1541/ieejjia.8.271},
    issn = {21871108},
    keywords = {Backlash identification, Harmonic balance, Hysteresis, Limit cycles, Nonlinearity, Relay feedback systems}
}

@article{Lin2004,
    title = {{Relay feedback: A complete analysis for first-order systems}},
    year = {2004},
    journal = {Industrial and Engineering Chemistry Research},
    author = {Lin, Chong and Wang, Qing Guo and Lee, Tong Heng},
    number = {26},
    month = {12},
    pages = {8400--8402},
    volume = {43},
    publisher = {American Chemical Society},
    doi = {10.1021/ie034043a},
    issn = {08885885}
}

@article{Lin2004b,
    title = {{Relay feedback: A complete analysis for first-order systems}},
    year = {2004},
    journal = {Industrial and Engineering Chemistry Research},
    author = {Lin, Chong and Wang, Qing Guo and Lee, Tong Heng},
    number = {26},
    month = {12},
    pages = {8400--8402},
    volume = {43},
    publisher = {American Chemical Society},
    doi = {10.1021/ie034043a},
    issn = {08885885}
}

@article{Hsu1990,
    title = {{Roundedness of oscillations in relay feedback systems}},
    year = {1990},
    journal = {International Journal of Control},
    author = {Hsu, Liu},
    number = {5},
    pages = {1273--1276},
    volume = {52},
    doi = {10.1080/00207179008953594},
    issn = {13665820}
}

@article{Hsu1990b,
    title = {{Roundedness of oscillations in relay feedback systems}},
    year = {1990},
    journal = {International Journal of Control},
    author = {Hsu, Liu},
    number = {5},
    pages = {1273--1276},
    volume = {52},
    doi = {10.1080/00207179008953594},
    issn = {13665820}
}

@techreport{Bernardo2001,
    title = {{SELF-OSCILLATIONS AND SLIDING IN RELAY FEEDBACK SYSTEMS: SYMMETRY AND BIFURCATIONS}},
    year = {2001},
    booktitle = {International Journal of Bifurcation and Chaos},
    author = {Di Bernardo, Mario and Johansson, Karl Henrik and Vasca, Francesco},
    number = {4},
    pages = {1121--1140},
    volume = {11},
    url = {www.worldscientific.com}
}

@techreport{Bernardo2001b,
    title = {{SELF-OSCILLATIONS AND SLIDING IN RELAY FEEDBACK SYSTEMS: SYMMETRY AND BIFURCATIONS}},
    year = {2001},
    booktitle = {International Journal of Bifurcation and Chaos},
    author = {Di Bernardo, Mario and Johansson, Karl Henrik and Vasca, Francesco},
    number = {4},
    pages = {1121--1140},
    volume = {11},
    url = {www.worldscientific.com}
}

@inproceedings{Goncalves1998,
    title = {{Semi-Global Analysis of Relay Feedback Systems}},
    year = {1998},
    booktitle = {37th IEEE Conference on Decision and Control},
    author = {Gon{\c{c}}alves, Jorge M and Megretski, Alexandre and Dahleh, Munther A},
    month = {12},
    pages = {1967--1972},
    publisher = {IEEE},
    address = {Tampa}
}

@inproceedings{Goncalves1998b,
    title = {{Semi-Global Analysis of Relay Feedback Systems}},
    year = {1998},
    booktitle = {37th IEEE Conference on Decision and Control},
    author = {Gon{\c{c}}alves, Jorge M and Megretski, Alexandre and Dahleh, Munther A},
    month = {12},
    pages = {1967--1972},
    publisher = {IEEE},
    address = {Tampa}
}

@article{Maeda1973,
    title = {{STABILITY CONSIDERATIONS FOR A VOLTERRA INTEGRAL EQUATION WITH DISCONTINUOUS NONLINEARITY}},
    year = {1973},
    journal = {SIAM J. Control},
    author = {Maeda, Hajime},
    number = {2},
    month = {5},
    pages = {202--214},
    volume = {11},
    url = {http://www.siam.org/journals/ojsa.php},
    institution = {Osaka University},
    address = {Osaka}
}

@article{Maeda1973b,
    title = {{STABILITY CONSIDERATIONS FOR A VOLTERRA INTEGRAL EQUATION WITH DISCONTINUOUS NONLINEARITY}},
    year = {1973},
    journal = {SIAM J. Control},
    author = {Maeda, Hajime},
    number = {2},
    month = {5},
    pages = {202--214},
    volume = {11},
    url = {http://www.siam.org/journals/ojsa.php},
    institution = {Osaka University},
    address = {Osaka}
}

@techreport{Mahji1988,
    title = {{STABILITY OF LIMIT CYCLES IN RELAY CONTROL SYSTEMS}},
    year = {1998},
    author = {Majhi, S and Atherton, DP},
    keywords = {Eigenvalues, Limit cycles, Relay control, Stability criteria, Time delay}
}

@techreport{Mahji1988b,
    title = {{STABILITY OF LIMIT CYCLES IN RELAY CONTROL SYSTEMS}},
    year = {1998},
    author = {Majhi, S and Atherton, DP},
    keywords = {Eigenvalues, Limit cycles, Relay control, Stability criteria, Time delay}
}

@article{Lootsma1999,
    title = {{Uniqueness of solutions of linear relay systems}},
    year = {1999},
    journal = {Automatica},
    author = {Lootsma, Y J and Van Der Schaft, A J and Hamlıbel, M K},
    pages = {467--478},
    volume = {35},
    keywords = {Complementarity problems, Coulomb friction, Keyword: Hybrid systems, Relays, Well-posedness}
}

@article{Lootsma1999b,
    title = {{Uniqueness of solutions of linear relay systems}},
    year = {1999},
    journal = {Automatica},
    author = {Lootsma, Y J and Van Der Schaft, A J and Hamlıbel, M K},
    pages = {467--478},
    volume = {35},
    keywords = {Complementarity problems, Coulomb friction, Keyword: Hybrid systems, Relays, Well-posedness}
}

@book{EuropeanControlAssociation20212021Netherlands.,
    title = {{2021 European Control Conference (ECC) : June 29 - July 2, 2021, Rotterdam, Netherlands.}},
    year = {2021},
    author = {{European Control Association} and {Institute of Electrical and Electronics Engineers}},
    publisher = {[IEEE]},
    isbn = {9789463842365}
}

@techreport{Ieee2030MAP,
    title = {{2030 CONTROL FOR SOCIETAL-SCALE CHALLENGES: ROAD MAP}},
    author = {Ieee, An and Annaswamy, Anuradha M and Johansson, Karl H and Pappas, George J},
    url = {https://ieeecss.org/post/control-societal-scale-challenges-roadmap-2030}
}

@unpublished{DePascale202360Survey,
    title = {{60 years of cyclic monotonicity: a survey}},
    year = {2023},
    author = {De Pascale, L. and Kausamo, A. and Wyczesany, K.},
    month = {8},
    url = {http://arxiv.org/abs/2308.07682},
    arxivId = {2308.07682}
}

@article{Zhao2022AAnalysis,
    title = {{A frequency-domain approach to nonlinear negative imaginary systems analysis}},
    year = {2022},
    journal = {Automatica},
    author = {Zhao, Di and Chen, Chao and Khong, Sei Zhen},
    month = {12},
    volume = {146},
    publisher = {Elsevier Ltd},
    doi = {10.1016/j.automatica.2022.110604},
    issn = {00051098},
    arxivId = {2109.15126},
    keywords = {Counterclockwise dynamics, Frequency-domain analysis, Integral quadratic constraints, Negative imaginary systems, Nonlinear systems}
}

@article{Zhao2022AAnalysisb,
    title = {{A frequency-domain approach to nonlinear negative imaginary systems analysis}},
    year = {2022},
    journal = {Automatica},
    author = {Zhao, Di and Chen, Chao and Khong, Sei Zhen},
    month = {12},
    volume = {146},
    publisher = {Elsevier Ltd},
    doi = {10.1016/j.automatica.2022.110604},
    issn = {00051098},
    arxivId = {2109.15126},
    keywords = {Counterclockwise dynamics, Frequency-domain analysis, Integral quadratic constraints, Negative imaginary systems, Nonlinear systems}
}

@inproceedings{Astrom1988ADESIGN,
    title = {{A NEW AUTO-TUNING DESIGN}},
    year = {1988},
    booktitle = {Adaptive Control of Chemical Processes},
    author = {Astrom, K J and Hagglund, T},
    pages = {141--146},
    keywords = {K eywo rds : Auto-tuning, dead-time compensation, relay oscillations}
}

@inproceedings{Astrom1988ADESIGNb,
    title = {{A NEW AUTO-TUNING DESIGN}},
    year = {1988},
    booktitle = {Adaptive Control of Chemical Processes},
    author = {Astrom, K J and Hagglund, T},
    pages = {141--146},
    keywords = {K eywo rds : Auto-tuning, dead-time compensation, relay oscillations}
}

@techreport{Ryu2016ASURVEY,
    title = {{A PRIMER ON MONOTONE OPERATOR METHODS SURVEY}},
    year = {2016},
    booktitle = {Appl. Comput. Math},
    author = {Ryu, Ernest K and Boyd, Stephen},
    number = {1},
    pages = {3--43},
    keywords = {47H09, 47H10, 47N10, 65K05, 90C25, Convex Optimization, Fixed Point Itera-tion AMS Subject Classification: 47H05, Monotone Operators, Splitting Methods}
}

@techreport{Ryu2016ASURVEYb,
    title = {{A PRIMER ON MONOTONE OPERATOR METHODS SURVEY}},
    year = {2016},
    booktitle = {Appl. Comput. Math},
    author = {Ryu, Ernest K and Boyd, Stephen},
    number = {1},
    pages = {3--43},
    keywords = {47H09, 47H10, 47N10, 65K05, 90C25, Convex Optimization, Fixed Point Itera-tion AMS Subject Classification: 47H05, Monotone Operators, Splitting Methods}
}

@article{Chaffey2021ATheorem,
    title = {{A rolled-off passivity theorem}},
    year = {2021},
    author = {Chaffey, Thomas},
    month = {8},
    url = {http://arxiv.org/abs/2108.07634 http://dx.doi.org/10.1016/j.sysconle.2022.105198},
    doi = {10.1016/j.sysconle.2022.105198},
    arxivId = {2108.07634}
}

@unpublished{Che2020AOscillator,
    title = {{A tunable mixed feedback oscillator}},
    year = {2020},
    author = {Che, Weiming and Forni, Fulvio},
    month = {11},
    url = {http://arxiv.org/abs/2011.08564},
    arxivId = {2011.08564}
}

@techreport{Bhattacharjee2007AnReview,
    title = {{An introduction to nonlinear oscillators : a pedagogical review}},
    year = {2007},
    booktitle = {Indian J. Phys},
    author = {Bhattacharjee, J K},
    number = {11},
    pages = {1115--1175},
    volume = {81},
    publisher = {{\^{}}fevieW},
    keywords = {Duffing oscillator, Lindstedt Poincare method, Mathien equation, Pade approximant, Van der Pol oscillator, self consistent method}
}

@misc{RobuffoGiordanoAnalysisTheory,
    title = {{Analysis and Control of Multi-Robot Systems Elements of Passivity Theory}},
    author = {Robuffo Giordano, Paolo}
}

@misc{RobuffoGiordanoAnalysisTheoryb,
    title = {{Analysis and Control of Multi-Robot Systems Elements of Passivity Theory}},
    author = {Robuffo Giordano, Paolo}
}

@phdthesis{vanDijk2007AnalysisDijk,
    title = {{Analysis and control of nonlinear oscillators Michel van Dijk}},
    year = {2007},
    author = {van Dijk, Michel}
}

@phdthesis{vanDijk2007AnalysisDijkb,
    title = {{Analysis and control of nonlinear oscillators Michel van Dijk}},
    year = {2007},
    author = {van Dijk, Michel}
}

@inproceedings{Boiko2004AnalysisSystem,
    title = {{Analysis of Modes of Oscillations in a Relay Feedback System}},
    year = {2004},
    booktitle = {Proceeding of the 2004 American Control Conference},
    author = {Boiko, Igor},
    month = {6},
    pages = {1253--1258},
    address = {Boston}
}

@article{Bin2022AnnualNeuroscience,
    title = {{Annual Review of Control, Robotics, and Autonomous Systems Internal Models in Control, Bioengineering, and Neuroscience}},
    year = {2022},
    journal = {Annu. Rev. Control Robot. Auton. Syst. 2022},
    author = {Bin, Michelangelo and Huang, Jie and Isidori, Alberto and Marconi, Lorenzo and Mischiati, Matteo and Sontag, Eduardo},
    pages = {2021},
    volume = {5},
    url = {https://doi.org/10.1146/annurev-control-042920-},
    doi = {10.1146/annurev-control-042920},
    keywords = {computational neuroscience, control theory, internal model principle, nonlinear systems, systems biology}
}

@inproceedings{Chaffey2022CircuitGraphs,
    title = {{Circuit Model Reduction with Scaled Relative Graphs}},
    year = {2022},
    booktitle = {Proceedings of the IEEE Conference on Decision and Control},
    author = {Chaffey, Thomas and Padoan, Alberto},
    pages = {6530--6535},
    volume = {2022-December},
    publisher = {Institute of Electrical and Electronics Engineers Inc.},
    isbn = {9781665467612},
    doi = {10.1109/CDC51059.2022.9993357},
    issn = {25762370}
}

@techreport{Chang1992DerivationSystems,
    title = {{Derivation of Transfer Function from Relay Feedback Systems}},
    year = {1992},
    booktitle = {Stephanopoulos, G.; San, K. Y. Studies on On-line Bioreactor Iden-tification: Theory. Biotechnol. Bioeng},
    author = {Chang, Ren-Chiou and Shen, Shih-Haur and Yu, Cheng-Ching},
    number = {3},
    pages = {966--973},
    volume = {31},
    url = {https://pubs.acs.org/sharingguidelines}
}

@inproceedings{Amrani1989DESIGNINGMOTION,
    title = {{DESIGNING AUTONOMOUS RELAY SYSTEMS WITB CHAOTIC MOTION}},
    year = {1989},
    booktitle = {28th IEEE Conference on Decision and Control},
    author = {Amrani, D and Atherton, D P},
    pages = {512--517}
}

@inproceedings{Amrani1989DESIGNINGMOTIONb,
    title = {{DESIGNING AUTONOMOUS RELAY SYSTEMS WITB CHAOTIC MOTION}},
    year = {1989},
    booktitle = {28th IEEE Conference on Decision and Control},
    author = {Amrani, D and Atherton, D P},
    pages = {512--517}
}

@book{Brogliato2007DissipativeControl,
    title = {{Dissipative Systems Analysis and Control}},
    year = {2007},
    author = {Brogliato, Bernard and Lozano, Rogelio and Maschke, Berhard and Egeland, Olav},
    edition = {2nd},
    publisher = {Springer-Verlag London Limited},
    address = {London}
}

@article{Che2021DominantOscillations,
    title = {{Dominant Mixed Feedback Design for Stable Oscillations}},
    year = {2021},
    author = {Che, Weiming and Forni, Fulvio},
    month = {10},
    url = {http://arxiv.org/abs/2110.06900},
    arxivId = {2110.06900}
}

@article{Varigonda2001DynamicsOscillators,
    title = {{Dynamics of Relay Relaxation Oscillators}},
    year = {2001},
    journal = {IEEE TRANSACTIONS ON AUTOMATIC CONTROL},
    author = {Varigonda, Subbarao and Georgiou, Tryphon T},
    number = {1},
    volume = {46},
    isbn = {00189286/01{\$}10.0}
}

@article{Varigonda2001DynamicsOscillatorsb,
    title = {{Dynamics of Relay Relaxation Oscillators}},
    year = {2001},
    journal = {IEEE TRANSACTIONS ON AUTOMATIC CONTROL},
    author = {Varigonda, Subbarao and Georgiou, Tryphon T},
    number = {1},
    volume = {46},
    isbn = {00189286/01{\$}10.0}
}

@article{Sepulchre2005FeedbackSystems,
    title = {{Feedback mechanisms for global oscillations in Lure systems}},
    year = {2005},
    journal = {Systems and Control Letters},
    author = {Sepulchre, Rodolphe and Stan, Guy Bart},
    number = {8},
    month = {8},
    pages = {809--818},
    volume = {54},
    doi = {10.1016/j.sysconle.2004.12.004},
    issn = {01676911},
    keywords = {Absolute stability, Bifurcation theory, Dissipativity, Oscillations}
}

@article{Sepulchre2005FeedbackSystemsb,
    title = {{Feedback mechanisms for global oscillations in Lure systems}},
    year = {2005},
    journal = {Systems and Control Letters},
    author = {Sepulchre, Rodolphe and Stan, Guy Bart},
    number = {8},
    month = {8},
    pages = {809--818},
    volume = {54},
    doi = {10.1016/j.sysconle.2004.12.004},
    issn = {01676911},
    keywords = {Absolute stability, Bifurcation theory, Dissipativity, Oscillations}
}

@article{Khong2022FeedbackRates,
    title = {{Feedback Stability Analysis via Dissipativity with Dynamic Supply Rates}},
    year = {2022},
    author = {Khong, Sei Zhen and Chen, Chao},
    month = {9},
    url = {http://arxiv.org/abs/2209.08322},
    arxivId = {2209.08322}
}

@book{Gonzalez2007FoundationsDesign,
    title = {{Foundations of Oscillator Circuit Design}},
    year = {2007},
    author = {Gonzalez, Guillermo},
    keywords = {9781596931626, ISBN-13 / EAN:}
}

@article{Ioannou1987FrequencyFunctions,
    title = {{Frequency Domain Condition for Strictly Positive Real Functions}},
    year = {1987},
    journal = {IEEE TRANSACTIONS ON AUTOMATIC CONTROL},
    author = {Ioannou, Petros and Tao, Gang},
    number = {1},
    pages = {53--54}
}

@misc{StanGlobalOscillations,
    title = {{Global Analysis and Synthesis of Oscillations}},
    author = {Stan, Guy-Bart}
}

@misc{StanGlobalOscillationsb,
    title = {{Global Analysis and Synthesis of Oscillations}},
    author = {Stan, Guy-Bart}
}

@phdthesis{Stan2005GlobalApproach,
    title = {{Global analysis and synthesis of oscillations: a dissipativity approach}},
    year = {2005},
    author = {Stan, Guy-Bart}
}

@phdthesis{Stan2005GlobalApproachb,
    title = {{Global analysis and synthesis of oscillations: a dissipativity approach}},
    year = {2005},
    author = {Stan, Guy-Bart}
}

@techreport{Das2022GraphicalAnalysis,
    title = {{Graphical Nonlinear System Analysis}},
    year = {2022},
    booktitle = {Netcon Seminar},
    author = {Das, Amritam}
}

@article{Chaffey2023GraphicalAnalysis,
    title = {{Graphical Nonlinear System Analysis}},
    year = {2023},
    journal = {IEEE Transactions on Automatic Control},
    author = {Chaffey, Thomas and Forni, Fulvio and Sepulchre, Rodolphe},
    number = {10},
    month = {10},
    pages = {6067--6081},
    volume = {68},
    publisher = {Institute of Electrical and Electronics Engineers Inc.},
    doi = {10.1109/TAC.2023.3234016},
    issn = {15582523},
    arxivId = {2107.11272},
    keywords = {Graphical analysis, Nyquist criterion, incremental input/ output stability, nonlinear systems}
}

@techreport{2003HeavysideFractions,
    title = {{Heavyside "Cover-up" Method for Partial Fractions}},
    year = {2003}
}

@inproceedings{Mathis1998HistoricalOscillators,
    title = {{Historical remarks to the history of electrical oscillators}},
    year = {1998},
    booktitle = {Conference of Mathematical Theory of Networks and Systems},
    author = {Mathis, Wolfgang},
    url = {http://monviso2.alpcom.it/hamradio/index.html},
    keywords = {bifurcation theory, dynamical sys-tems, electrical oscillators, history of electrical en-gineering, theory of nonlinear oscillations}
}

@book{IEEEControlSystemsSocietyIEEECanada,
    title = {{IEEE CCTA 2020 : 4th IEEE Conference on Control Technology and Applications : August 24-26, 2020, Montréal, Canada}},
    author = {{IEEE Control Systems Society} and {Institute of Electrical and Electronics Engineers}},
    isbn = {9781728171401}
}

@inproceedings{Boiko1999Input-outputSystems,
    title = {{Input-output Analysis of Limit Cycling Relay Feedback Control Systems}},
    year = {1999},
    booktitle = {Proceedings of the American Control Conference},
    author = {Boiko, Igor},
    pages = {542--546}
}

@phdthesis{Chaffey2022Input-OutputMethods,
    title = {{Input-Output Analysis: Graphical and Algorithmic Methods}},
    year = {2022},
    author = {Chaffey, Thomas}
}

@article{Zames2021Input-Output85,
    title = {{Input-Output Feedback Stability and Robustness, 1959 85}},
    year = {2021},
    journal = {IEEE Control Systems},
    author = {Zames, George},
    number = {3},
    month = {6},
    pages = {11--13},
    volume = {41},
    publisher = {Institute of Electrical and Electronics Engineers Inc.},
    doi = {10.1109/MCS.2021.3063039},
    issn = {1941000X}
}

@article{Zames2021Input-Output85b,
    title = {{Input-Output Feedback Stability and Robustness, 1959 85}},
    year = {2021},
    journal = {IEEE Control Systems},
    author = {Zames, George},
    number = {3},
    month = {6},
    pages = {11--13},
    volume = {41},
    publisher = {Institute of Electrical and Electronics Engineers Inc.},
    doi = {10.1109/MCS.2021.3063039},
    issn = {1941000X}
}

@techreport{2009IntegralConstraints,
    title = {{Integral Quadratic Constraints}},
    year = {2009}
}

@book{Holmes2003IntroductionChaos,
    title = {{Introduction to Applied Nonlinear Dynamical Systems and Chaos}},
    year = {2003},
    author = {Holmes, P and Barkley, D and Dellnitz, M and Newton, P},
    volume = {2},
    keywords = {ISBN-13: 9780387001777{\\\}0387001778{\\\}9780387001777}
}

@incollection{vanderSchaft2017L2-GainTheorem,
    title = {{L2-Gain and the Small-Gain Theorem}},
    year = {2017},
    booktitle = {Communications and Control Engineering},
    author = {van der Schaft, Arjan},
    number = {9783319499918},
    pages = {199--211},
    publisher = {Springer International Publishing},
    doi = {10.1007/978-3-319-49992-5{\_}8},
    issn = {21977119},
    keywords = {Manifold}
}

@incollection{vanderSchaft2017L2-GainTheoremb,
    title = {{L2-Gain and the Small-Gain Theorem}},
    year = {2017},
    booktitle = {Communications and Control Engineering},
    author = {van der Schaft, Arjan},
    number = {9783319499918},
    pages = {199--211},
    publisher = {Springer International Publishing},
    doi = {10.1007/978-3-319-49992-5{\_}8},
    issn = {21977119},
    keywords = {Manifold}
}

@incollection{Lec3_6242_2004,
    title = {{lec3{\_}6242{\_}2004}}
}

@techreport{LectureConvolution,
    title = {{Lecture 10 Circular convolution}}
}

@misc{LectureCompenstation,
    title = {{Lecture 7: Anti-windup and friction compenstation}}
}

@techreport{Mihajlovic2002LiteratureSystems,
    title = {{Literature study on periodic solutions in nonlinear dynamic systems}},
    year = {2002},
    author = {Mihajlovic, Nenad},
    url = {www.tue.nl/taverne}
}

@article{Chaffey2022LoopGraphs,
    title = {{Loop Shaping with Scaled Relative Graphs}},
    year = {2022},
    author = {Chaffey, Thomas and Forni, Fulvio and Sepulchre, Rodolphe},
    month = {8},
    url = {http://arxiv.org/abs/2208.04880},
    arxivId = {2208.04880}
}

@inproceedings{anderHeiden1987MixedOscillations,
    title = {{Mixed Feedback: A Paradigm for Regular and Irregular Oscillations}},
    year = {1987},
    booktitle = {Temporal Disorder in Human Oscilatory Systems},
    author = {an der Heiden, U and Mackey, M C},
    pages = {30--46}
}

@article{Kalpana2015ModelingFeedback,
    title = {{Modeling and control of non-square MIMO system using relay feedback}},
    year = {2015},
    journal = {ISA Transactions},
    author = {Kalpana, D. and Thyagarajan, T. and Gokulraj, N.},
    month = {11},
    pages = {408--417},
    volume = {59},
    publisher = {ISA - Instrumentation, Systems, and Automation Society},
    doi = {10.1016/j.isatra.2015.09.012},
    issn = {00190578},
    keywords = {Autotuning, Interaction, Modeling, Multi Input Multi Output, Non-square, Relay feedback}
}

@techreport{BoydMonotoneMethods,
    title = {{Monotone Operator Splitting Methods}},
    author = {Boyd, Stephen},
    keywords = {()}
}

@techreport{BoydMonotoneMethodsb,
    title = {{Monotone Operator Splitting Methods}},
    author = {Boyd, Stephen},
    keywords = {()}
}

@techreport{MonotoneOperators,
    title = {{Monotone Operators}}
}

@techreport{MonotoneOperatorsb,
    title = {{Monotone Operators}}
}

@article{Ribar2021NeuromorphicSystems,
    title = {{Neuromorphic Control: Designing Multiscale Mixed-Feedback Systems}},
    year = {2021},
    journal = {IEEE Control Systems},
    author = {Ribar, Luka and Sepulchre, Rodolphe},
    number = {6},
    month = {12},
    pages = {34--63},
    volume = {41},
    publisher = {Institute of Electrical and Electronics Engineers Inc.},
    doi = {10.1109/MCS.2021.3107560},
    issn = {1941000X}
}

@article{Ribar2021NeuromorphicSystemsb,
    title = {{Neuromorphic Control: Designing Multiscale Mixed-Feedback Systems}},
    year = {2021},
    journal = {IEEE Control Systems},
    author = {Ribar, Luka and Sepulchre, Rodolphe},
    number = {6},
    month = {12},
    pages = {34--63},
    volume = {41},
    publisher = {Institute of Electrical and Electronics Engineers Inc.},
    doi = {10.1109/MCS.2021.3107560},
    issn = {1941000X}
}

@book{Strogatz2018NONLINEARCHAOS,
    title = {{NONLINEAR DYNAMICS AND CHAOS}},
    year = {2018},
    author = {Strogatz, Steven H.},
    volume = {2},
    keywords = {Biology, Chemistry, With Applications to Physics, and Engineering}
}

@book{Strogatz2018NONLINEARCHAOSb,
    title = {{NONLINEAR DYNAMICS AND CHAOS}},
    year = {2018},
    author = {Strogatz, Steven H.},
    volume = {2},
    keywords = {Biology, Chemistry, With Applications to Physics, and Engineering}
}

@article{Brunst1977NONLINEARSTATE,
    title = {{NONLINEAR FEEDBACK CONTROL FOR OPERATING A NONISOTHERMAL CSTR NEAR AN UNSTABLE STEADY STATE}},
    year = {1977},
    journal = {Chemical Engineering Science},
    author = {Brunst, D D and Bailey, J E},
    number = {3},
    pages = {257--264},
    volume = {32}
}

@article{Brunst1977NONLINEARSTATEb,
    title = {{NONLINEAR FEEDBACK CONTROL FOR OPERATING A NONISOTHERMAL CSTR NEAR AN UNSTABLE STEADY STATE}},
    year = {1977},
    journal = {Chemical Engineering Science},
    author = {Brunst, D D and Bailey, J E},
    number = {3},
    pages = {257--264},
    volume = {32}
}

@article{Duffin1949NONLINEARI,
    title = {{NONLINEAR NETWORKS. I}},
    year = {1949},
    journal = {Bulletin of the American Mathematical Society},
    author = {Duffin, R J},
    number = {10},
    pages = {833--838},
    volume = {52}
}

@techreport{Zames1960NONLINEARANALYSIS,
    title = {{NONLINEAR OPERATORS FOR SYSTEM ANALYSIS}},
    year = {1960},
    author = {Zames, George}
}

@techreport{Zames1960NONLINEARANALYSISb,
    title = {{NONLINEAR OPERATORS FOR SYSTEM ANALYSIS}},
    year = {1960},
    author = {Zames, George}
}

@techreport{Marcus1975NonstationaryTechniques,
    title = {{Nonstationary Network Synthesis via State-Space Techniques}},
    year = {1975},
    booktitle = {IEEE TRANSACTIONS ON CIRCUITS AND SYSTEMS},
    author = {Marcus, Steven I and Willems, Jan C},
    number = {9}
}

@article{Sepulchre2022OnDissipativity,
    title = {{On the incremental form of dissipativity}},
    year = {2022},
    author = {Sepulchre, Rodolphe and Chaffey, Thomas and Forni, Fulvio},
    month = {8},
    url = {http://arxiv.org/abs/2208.04879},
    arxivId = {2208.04879}
}

@article{Sepulchre2022OnDissipativityb,
    title = {{On the incremental form of dissipativity}},
    year = {2022},
    author = {Sepulchre, Rodolphe and Chaffey, Thomas and Forni, Fulvio},
    month = {8},
    url = {http://arxiv.org/abs/2208.04879},
    arxivId = {2208.04879}
}

@article{Zames1966OnNonlinearities,
    title = {{On the Input-Output Stability of Time-Varying Nonlinear Feedback Svstems-Part II: Conditions Involving Circles in the Frequency Plane and Sector Nonlinearities}},
    year = {1966},
    journal = {Transactions on Automatic Control},
    author = {Zames, George},
    number = {3},
    pages = {465--475},
    volume = {11}
}

@article{Zames1966OnNonlinearitiesb,
    title = {{On the Input-Output Stability of Time-Varying Nonlinear Feedback Svstems-Part II: Conditions Involving Circles in the Frequency Plane and Sector Nonlinearities}},
    year = {1966},
    journal = {Transactions on Automatic Control},
    author = {Zames, George},
    number = {3},
    pages = {465--475},
    volume = {11}
}

@techreport{diBernardo2002ONSYSTEMS,
    title = {{ON THE ROBUSTNESS OF PERIODIC SOLUTIONS IN RELAY FEEDBACK SYSTEMS}},
    year = {2002},
    author = {di Bernardo, Mario and Henrik Johansson, Karl and J{\"{o}}nsson, Ulf and Vasca, Francesco},
    url = {www.elsevier.com/locate/ifac},
    keywords = {Limit cycles, Perturbation analysis, Sliding Orbits}
}

@techreport{diBernardo2002ONSYSTEMSb,
    title = {{ON THE ROBUSTNESS OF PERIODIC SOLUTIONS IN RELAY FEEDBACK SYSTEMS}},
    year = {2002},
    author = {di Bernardo, Mario and Henrik Johansson, Karl and J{\"{o}}nsson, Ulf and Vasca, Francesco},
    url = {www.elsevier.com/locate/ifac},
    keywords = {Limit cycles, Perturbation analysis, Sliding Orbits}
}

@article{Boiko2005OscillationsApproach,
    title = {{Oscillations and transfer properties of relay servo systems - The locus of a perturbed relay system approach}},
    year = {2005},
    journal = {Automatica},
    author = {Boiko, Igor},
    number = {4},
    month = {4},
    pages = {677--683},
    volume = {41},
    doi = {10.1016/j.automatica.2004.11.002},
    issn = {00051098},
    keywords = {Bang-bang control, Chattering, Relay feedback systems, Servosystems, Sliding modes}
}

@book{Westra1999OscillatorsSystems,
    title = {{Oscillators and Oscillator Systems}},
    year = {1999},
    booktitle = {Oscillators and Oscillator Systems},
    author = {Westra, Jan R. and Verhoeven, Chris J. M. and van Roermund, Arthur H. M.},
    publisher = {Springer US},
    doi = {10.1007/978-1-4757-6117-7}
}

@book{Westra1999OscillatorsSystemsb,
    title = {{Oscillators and Oscillator Systems}},
    year = {1999},
    booktitle = {Oscillators and Oscillator Systems},
    author = {Westra, Jan R. and Verhoeven, Chris J. M. and van Roermund, Arthur H. M.},
    publisher = {Springer US},
    doi = {10.1007/978-1-4757-6117-7}
}

@incollection{SepulchreOscillators,
    title = {{Oscillators as Systems and Synchrony as a Design Principle *}},
    author = {Sepulchre, Rodolphe}
}

@incollection{SepulchreOscillatorsb,
    title = {{Oscillators as Systems and Synchrony as a Design Principle *}},
    author = {Sepulchre, Rodolphe}
}

@inproceedings{Lindberg2013Oscillators-aIntroduction,
    title = {{Oscillators-a simple introduction}},
    year = {2013},
    booktitle = {2013 Conference of Circuit Theory and Design},
    author = {Lindberg, Erik and Lifemember, Ieee}
}

@book{VanDeWouwOutput-feedbackApproach,
    title = {{Output-feedback Control of Lur'e-type Systems with Set-valued Nonlinearities: a Popov-criterion Approach}},
    author = {Van De Wouw, N and Doris, A and De Bruin, J C A and Heemels, W P M H and Nijmeijer, H},
    isbn = {9781424420797}
}

@book{VanDeWouwOutput-feedbackApproachb,
    title = {{Output-feedback Control of Lur'e-type Systems with Set-valued Nonlinearities: a Popov-criterion Approach}},
    author = {Van De Wouw, N and Doris, A and De Bruin, J C A and Heemels, W P M H and Nijmeijer, H},
    isbn = {9781424420797}
}

@misc{BatllePassiveTheory,
    title = {{Passive control theory}},
    author = {Batlle, Carles}
}

@article{Bliman1997PERIODICRELAY,
    title = {{PERIODIC SOLUTIONS OF LINEAR SYSTEMS COUPLED WITH RELAY*}},
    year = {1997},
    journal = {Nonlinear Analysis Theory {\&} Applications},
    author = {Bliman, P. A. and Krasnosels'skii, A. M.},
    number = {2},
    pages = {681--696},
    volume = {30},
    keywords = {34C15, 34C25, 93B12, Linear systems, periodic solutions AMS classification: 34K35, relay, switching systems}
}

@article{Kolesov1970PeriodicParameters,
    title = {{Periodic solutions of relay systems with distributed parameters}},
    year = {1970},
    journal = {Mathematics of the USSR - Sbornik},
    author = {Kolesov, Ju S.},
    number = {3},
    month = {4},
    pages = {343--367},
    volume = {12},
    doi = {10.1070/SM1970v012n03ABEH000925},
    issn = {21695288}
}

@phdthesis{Johansson1999PiecewiseSystems,
    title = {{Piecewise Linear Control Systems}},
    year = {1999},
    author = {Johansson, Mikael}
}

@inproceedings{Beijen2016PracticalIsolators,
    title = {{Practical tuning guide to mixed feedback and feedforward control of soft-mounted vibration isolators}},
    year = {2016},
    booktitle = {IFAC-PapersOnLine},
    author = {Beijen, M. A. and Heertjes, M. F. and Butler, H. and Steinbuch, M.},
    number = {21},
    pages = {163--169},
    volume = {49},
    publisher = {Elsevier B.V.},
    doi = {10.1016/j.ifacol.2016.10.536},
    issn = {24058963},
    keywords = {Active vibration isolation, air mount control, control design, sensor mixing}
}

@techreport{Wang1999RelaxationNetworks,
    title = {{Relaxation Oscillators and Networks}},
    year = {1999},
    author = {Wang, Deliang},
    pages = {396--405},
    volume = {18},
    publisher = {Wiley {\&} Sons}
}

@techreport{Wang1999RelaxationNetworksb,
    title = {{Relaxation Oscillators and Networks}},
    year = {1999},
    author = {Wang, Deliang},
    pages = {396--405},
    volume = {18},
    publisher = {Wiley {\&} Sons}
}

@inproceedings{Chaffey2023RelaxationMonotonicity,
    title = {{Relaxation Systems and Cyclic Monotonicity}},
    year = {2023},
    booktitle = {Proceedings of the IEEE Conference on Decision and Control},
    author = {Chaffey, Thomas and Van Waarde, Henk J. and Sepulchre, Rodolphe},
    pages = {1673--1679},
    publisher = {Institute of Electrical and Electronics Engineers Inc.},
    isbn = {9798350301243},
    doi = {10.1109/CDC49753.2023.10384160},
    issn = {25762370}
}

@techreport{ChaffeyRelaxationMonotonicity,
    title = {{Relaxation systems and cyclic monotonicity}},
    author = {Chaffey, Thomas and Van Waarde, Henk J and Sepulchre, Rodolphe},
    arxivId = {2312.03389v1}
}

@book{Wang2003RelayControl,
    title = {{Relay feedback : analysis, identification, and control}},
    year = {2003},
    author = {Wang, Qing-Guo and Lee, Tong Heng and Lin, Chong},
    pages = {383},
    publisher = {Springer},
    isbn = {9781852336509}
}

@book{Wang2003RelayControlb,
    title = {{Relay feedback : analysis, identification, and control}},
    year = {2003},
    author = {Wang, Qing-Guo and Lee, Tong Heng and Lin, Chong},
    pages = {383},
    publisher = {Springer},
    isbn = {9781852336509}
}

@article{Ye2007RelayPlants,
    title = {{Relay feedback analysis for a class of servo plants}},
    year = {2007},
    journal = {Journal of Mathematical Analysis and Applications},
    author = {Ye, Zhen and Wang, Qing Guo and Lin, Chong and Hang, Chang Chieh and Barabanov, Andrey E.},
    number = {1},
    month = {10},
    pages = {28--42},
    volume = {334},
    doi = {10.1016/j.jmaa.2006.12.037},
    issn = {0022247X},
    keywords = {Limit cycles, Relay feedback, Servo plants, Stability analysis}
}

@article{Ye2007RelayPlantsb,
    title = {{Relay feedback analysis for a class of servo plants}},
    year = {2007},
    journal = {Journal of Mathematical Analysis and Applications},
    author = {Ye, Zhen and Wang, Qing Guo and Lin, Chong and Hang, Chang Chieh and Barabanov, Andrey E.},
    number = {1},
    month = {10},
    pages = {28--42},
    volume = {334},
    doi = {10.1016/j.jmaa.2006.12.037},
    issn = {0022247X},
    keywords = {Limit cycles, Relay feedback, Servo plants, Stability analysis}
}

@phdthesis{UlfHolmberg1991RelaySystems,
    title = {{Relay Feedback of Simple Systems}},
    year = {1991},
    author = {{Ulf Holmberg}},
    school = {Lund Institute of Technology},
    address = {Lund}
}

@phdthesis{UlfHolmberg1991RelaySystemsb,
    title = {{Relay Feedback of Simple Systems}},
    year = {1991},
    author = {{Ulf Holmberg}},
    school = {Lund Institute of Technology},
    address = {Lund}
}

@techreport{Hannah2016ScaledGraph,
    title = {{Scaled Relative Graph}},
    year = {2016},
    author = {Hannah, Robert and Ryu, Ernest K and Yin, Wotao}
}

@article{Ryu2019ScaledGeometry,
    title = {{Scaled Relative Graph: Nonexpansive operators via 2D Euclidean Geometry}},
    year = {2019},
    author = {Ryu, Ernest K. and Hannah, Robert and Yin, Wotao},
    month = {2},
    url = {http://arxiv.org/abs/1902.09788 http://dx.doi.org/10.1007/s10107-021-01639-w},
    doi = {10.1007/s10107-021-01639-w},
    arxivId = {1902.09788}
}

@article{Ryu2019ScaledGeometryb,
    title = {{Scaled Relative Graph: Nonexpansive operators via 2D Euclidean Geometry}},
    year = {2019},
    author = {Ryu, Ernest K. and Hannah, Robert and Yin, Wotao},
    month = {2},
    url = {http://arxiv.org/abs/1902.09788 http://dx.doi.org/10.1007/s10107-021-01639-w},
    doi = {10.1007/s10107-021-01639-w},
    arxivId = {1902.09788}
}

@inproceedings{Chaffey2021ScaledAnalysis,
    title = {{Scaled relative graphs for system analysis}},
    year = {2021},
    booktitle = {Proceedings of the IEEE Conference on Decision and Control},
    author = {Chaffey, Thomas and Forni, Fulvio and Sepulchre, Rodolphe},
    pages = {3166--3172},
    volume = {2021-December},
    publisher = {Institute of Electrical and Electronics Engineers Inc.},
    isbn = {9781665436595},
    doi = {10.1109/CDC45484.2021.9683092},
    issn = {25762370}
}

@article{Jenkins2013Self-oscillation,
    title = {{Self-oscillation}},
    year = {2013},
    journal = {Physics Reports},
    author = {Jenkins, Alejandro},
    number = {2},
    pages = {167--222},
    volume = {525},
    publisher = {Elsevier B.V.},
    doi = {10.1016/j.physrep.2012.10.007},
    issn = {03701573},
    arxivId = {1109.6640},
    keywords = {Entrainment, Limit cycle, Limit efficiency, Linear instability, Motors, Negative damping, Positive feedback, Relaxation oscillation}
}

@article{Jenkins2013Self-oscillationb,
    title = {{Self-oscillation}},
    year = {2013},
    journal = {Physics Reports},
    author = {Jenkins, Alejandro},
    number = {2},
    pages = {167--222},
    volume = {525},
    publisher = {Elsevier B.V.},
    doi = {10.1016/j.physrep.2012.10.007},
    issn = {03701573},
    arxivId = {1109.6640},
    keywords = {Entrainment, Limit cycle, Limit efficiency, Linear instability, Motors, Negative damping, Positive feedback, Relaxation oscillation}
}

@book{Aguilar2005Self-OscillationsControllers,
    title = {{Self-Oscillations in Dynamic Systems A New Methodology via Two-Relay Controllers}},
    year = {2005},
    author = {Aguilar, Luis T and Boiko, Igor and Fridman, Leonid and Iriarte, Rafael},
    url = {http://www.springer.com/series/4895}
}

@article{Sepulchre2022SpikingSystems,
    title = {{Spiking Control Systems}},
    year = {2022},
    journal = {Proceedings of the IEEE},
    author = {Sepulchre, Rodolphe},
    number = {5},
    month = {5},
    pages = {577--589},
    volume = {110},
    publisher = {Institute of Electrical and Electronics Engineers Inc.},
    doi = {10.1109/JPROC.2022.3163926},
    issn = {15582256},
    arxivId = {2112.03565},
    keywords = {Event-based control, feedback control, neuroscience, passive and active electrical circuits}
}

@article{Sepulchre2022SpikingSystemsb,
    title = {{Spiking Control Systems}},
    year = {2022},
    journal = {Proceedings of the IEEE},
    author = {Sepulchre, Rodolphe},
    number = {5},
    month = {5},
    pages = {577--589},
    volume = {110},
    publisher = {Institute of Electrical and Electronics Engineers Inc.},
    doi = {10.1109/JPROC.2022.3163926},
    issn = {15582256},
    arxivId = {2112.03565},
    keywords = {Event-based control, feedback control, neuroscience, passive and active electrical circuits}
}

@misc{DasSplittingCircuits,
    title = {{Splitting Algorithm for I/O Analysis of Negative Resistance Circuits}},
    author = {Das, Amritam and Johansson, Karl H and Sepulchre, Rodolphe and Chaffey, Thomas}
}

@misc{DasSplittingCircuitsb,
    title = {{Splitting Algorithm for I/O Analysis of Negative Resistance Circuits}},
    author = {Das, Amritam and Johansson, Karl H and Sepulchre, Rodolphe and Chaffey, Thomas}
}

@techreport{Zames1968STABILITYNONLINEARITIES,
    title = {{STABILITY CONDITIONS FOR SYSTEMS WITH MONOTONE AND SLOPE-RESTRICTED NONLINEARITIES*}},
    year = {1968},
    author = {Zames, G and Falb, P L},
    number = {1},
    volume = {6},
    url = {https://epubs.siam.org/terms-privacy}
}

@techreport{Zames1968STABILITYNONLINEARITIESb,
    title = {{STABILITY CONDITIONS FOR SYSTEMS WITH MONOTONE AND SLOPE-RESTRICTED NONLINEARITIES*}},
    year = {1968},
    author = {Zames, G and Falb, P L},
    number = {1},
    volume = {6},
    url = {https://epubs.siam.org/terms-privacy}
}

@techreport{Megretski1995SystemConstraints,
    title = {{System Analysis via Integral Quadratic Constraints}},
    year = {1995},
    author = {Megretski, Alexander and Ranzter, Anders}
}

@techreport{TheEngineering,
    title = {{The Bott-Duffin synthesis The Bott-Duffin synthesis answers a basic question in electrical engineering}}
}

@article{Mitter1998TheZames,
    title = {{The Legacy of George Zames}},
    year = {1998},
    journal = {IEEE Transactions on Automatic Control},
    author = {Mitter, Sanjoy and Tannenbaum, Allen},
    number = {5},
    pages = {590--595},
    volume = {43},
    isbn = {00189286/98{\$}10.0}
}

@article{Pates2021TheOperator,
    title = {{The Scaled Relative Graph of a Linear Operator}},
    year = {2021},
    author = {Pates, Richard},
    month = {6},
    url = {http://arxiv.org/abs/2106.05650},
    arxivId = {2106.05650}
}

@article{VladimirFriedman1988TheModulation,
    title = {{The Structure of the Limit Cycles in Sigma Delta Modulation}},
    year = {1988},
    journal = {IEEE Transactions on Communications},
    author = {{Vladimir Friedman}},
    number = {8},
    pages = {972--979},
    volume = {36}
}

@article{VladimirFriedman1988TheModulationb,
    title = {{The Structure of the Limit Cycles in Sigma Delta Modulation}},
    year = {1988},
    journal = {IEEE Transactions on Communications},
    author = {{Vladimir Friedman}},
    number = {8},
    pages = {972--979},
    volume = {36}
}

@incollection{TheSplitting,
    title = {{The theory of matrix splitting}}
}

@incollection{TheSplittingb,
    title = {{The theory of matrix splitting}}
}

@article{Bradley2012Two13F07,
    title = {{Two Proofs of the Existence and Uniqueness of the Partial Fraction Decomposition Mathematics Subject Classification: 13F07}},
    year = {2012},
    journal = {International Mathematical Forum},
    author = {Bradley, William T and Cook, William J},
    number = {31},
    pages = {1517--1535},
    volume = {7},
    keywords = {euclidean domain, partial fraction decomposition}
}

@phdthesis{Boyd1980VolterraFundamentals,
    title = {{Volterra Series: Engineering Fundamentals}},
    year = {1980},
    author = {Boyd, Stephen}
}

@article{Maiti1981NoTitle,
    title = {{済無No Title No Title}},
    year = {1981},
    journal = {Journal of Chemical Information and Modeling},
    author = {{Maiti} and {Bidinger}},
    number = {9},
    pages = {1689--1699},
    volume = {53},
    isbn = {9788578110796},
    issn = {1098-6596},
    pmid = {25246403},
    arxivId = {arXiv:1011.1669v3},
    keywords = {icle}
}

@article{Maiti1981NoTitleb,
    title = {{済無No Title No Title}},
    year = {1981},
    journal = {Journal of Chemical Information and Modeling},
    author = {{Maiti} and {Bidinger}},
    number = {9},
    pages = {1689--1699},
    volume = {53},
    isbn = {9788578110796},
    issn = {1098-6596},
    pmid = {25246403},
    arxivId = {arXiv:1011.1669v3},
    keywords = {icle}
}